@misc{JAPC,
    author = {Repositorio Optimización Flujo en Redes, Jesús Angel Patlán Castillo.},
  howpublished = {\url{https://github.com/JAPatlanC/Flujo-Redes}}
}